<?xml version="1.0" encoding="UTF-8"?><collection xmlns="http://www.loc.gov/MARC21/slim"><record><leader>00633nam--2200229-u-4500</leader><controlfield tag="001">000051217</controlfield><controlfield tag="002">20161230</controlfield><controlfield tag="005">20161230201049</controlfield><controlfield tag="008">080602s1000------------r-----000-0-eng-d</controlfield><datafield ind1=" " ind2=" " tag="020"><subfield code="a">0-8218-0798-0</subfield></datafield><datafield ind1=" " ind2=" " tag="040"><subfield code="a">IFIN-HH</subfield></datafield><datafield ind1=" " ind2=" " tag="080"><subfield code="a">513</subfield></datafield><datafield ind1="1" ind2=" " tag="100"><subfield code="a">Bates, Sean ; Weinstein, Alan</subfield></datafield><datafield ind1="1" ind2=" " tag="245"><subfield code="a">Lectures on the Geometry of Quantization</subfield></datafield><datafield ind1=" " ind2=" " tag="260"><subfield code="a">Berkley</subfield><subfield code="b">American Mathematical Society</subfield><subfield code="c">2000</subfield></datafield><datafield ind1=" " ind2=" " tag="300"><subfield code="a">137 p</subfield></datafield><datafield ind1=" " ind2=" " tag="490"><subfield code="a">Berkeley Mathematics Lectures Notes</subfield><subfield code="v">vol. 8</subfield></datafield><datafield ind1=" " ind2="4" tag="650"><subfield code="a">Geometric Quantization</subfield></datafield><datafield ind1="1" ind2=" " tag="700"><subfield code="a">Bates, Sean</subfield></datafield><datafield ind1=" " ind2=" " tag="700"><subfield code="a">Weinstein, Alan</subfield></datafield><datafield ind1=" " ind2=" " tag="852"><subfield code="a">81413</subfield><subfield code="c">513</subfield></datafield><datafield ind1=" " ind2=" " tag="CAT"><subfield code="a">Sys</subfield><subfield code="c">20080602</subfield><subfield code="h">113049</subfield></datafield></record></collection>